@book{S2014,
 author = {Schell, Jesse},
 title = {The Art of Game Design: A Book of Lenses},
 year = {2014},
 isbn = {1466598646, 9781466598645},
 edition = {2nd},
 publisher = {A. K. Peters, Ltd.},
 address = {Natick, MA, USA},
},
@misc{K2011, 
 title={Rules and Instructional Games}, 
 howpublished={\url{http://karlkapp.com/rules-and-instructional-games/}}, 
 author={Kapp, Karl}, 
 date={11.03.2011}, 
 year={2011}
}

@misc{G2019, 
 title={Godot's design philosophy}, 
 howpublished={\url{https://docs.godotengine.org/en/latest/getting\_started/step_by_step/godot_design_philosophy.html}}, 
 journal={Godot's design philosophy}, 
 publisher={Godot Engine},
 year={2019}
}
